<?xml version="1.0" encoding="UTF-8"?><collection xmlns="http://www.loc.gov/MARC21/slim"><record><leader>00301nam--2200121-i-4500</leader><controlfield tag="001">000030857</controlfield><controlfield tag="002">20161230</controlfield><controlfield tag="005">20161230201038</controlfield><controlfield tag="008">060222s1000------------r-----000-0-eng-d</controlfield><datafield ind1=" " ind2=" " tag="080"><subfield code="a">539.2(061.3)</subfield></datafield><datafield ind1=" " ind2=" " tag="245"><subfield code="a">Singapore, world scientific, 1986, xiii + 502p</subfield></datafield><datafield ind1=" " ind2=" " tag="700"><subfield code="a">Chowdari, B.V.R./S.A.</subfield></datafield><datafield ind1=" " ind2=" " tag="852"><subfield code="a">79077</subfield></datafield></record></collection>